@article{knupp_cotton_1985,
    issn = {8755-1209},
    journal = {Rev. geophys.},
    pages = {183--215},
    volume = {23},
    publisher = {Blackwell Publishing Ltd},
    number = {2},
    year = {1985},
    title = {Convective cloud downdraft structure: An interpretive survey},
    address = {Washington, DC},
    author = {Knupp, Kevin R and Cotton, William R},
    doi = {10.1029/RG023i002p00183},
}

@thesis{thayer-calder_2013,
    author = {Thayer-Calder, Katherine},
    institution = {Colorado State University},
    title = {Downdraft impacts on tropical convection},
    date = {Spring 2013},
    type = {PhD thesis},
}

@article{davies-jones_2008,
    issn = {0027-0644},
    journal = {Mon. weather rev.},
    pages = {2764--2785},
    volume = {136},
    publisher = {American Meteorological Society},
    number = {7},
    year = {2008},
    title = {An efficient and accurate method for computing the wet-bulb temperature along pseudoadiabats},
    address = {Boston, MA},
    author = {Davies-Jones, Robert},
    doi = {10.1175/2007MWR2224.1},
}

@article{bolton_1980,
    issn = {0027-0644},
    journal = {Mon. weather rev.},
    pages = {1046--1053},
    volume = {108},
    number = {7},
    year = {1980},
    title = {The computation of equivalent potential temperature},
    author = {Bolton, David},
}


@article{market_2017,
    issn = {1530-261X},
    journal = {Atmos. sci. lett.},
    pages = {76--81},
    volume = {18},
    publisher = {John Wiley & Sons, Ltd},
    number = {2},
    year = {2017},
    title = {Evaluating elevated convection with the downdraft convective inhibition},
    address = {Chichester, UK},
    author = {Market, P. S and Rochette, S. M and Shewchuk, J and Difani, R and Kastman, J. S and Henson, C. B and Fox, N. I},
    doi = {10.1002/asl.727},
}

@article{saunders_1957,
    issn = {0035-9009},
    journal = {Q. j. roy. meteror. soc.},
    pages = {342--350},
    volume = {83},
    publisher = {John Wiley & Sons, Ltd},
    number = {357},
    year = {1957},
    title = {The thermodynamics of saturated air: A contribution to the classical theory},
    address = {Bracknell},
    author = {Saunders, P. M},
}

